<?xml version="1.0" encoding="UTF-8"?><collection xmlns="http://www.loc.gov/MARC21/slim"><record><leader>00442nam--2200169-i-4500</leader><controlfield tag="001">000039847</controlfield><controlfield tag="002">20161230</controlfield><controlfield tag="005">20170129231157</controlfield><controlfield tag="008">060222s1000------------r-----000-0-eng-d</controlfield><datafield ind1=" " ind2=" " tag="080"><subfield code="a">550.34</subfield></datafield><datafield ind1=" " ind2=" " tag="100"><subfield code="a">Rudolph, E</subfield></datafield><datafield ind1=" " ind2=" " tag="245"><subfield code="a">Das kolumbianische erdbeben am 31 januar 1906</subfield></datafield><datafield ind1=" " ind2=" " tag="260"><subfield code="a">Leipzig</subfield><subfield code="b">Verlag Von Wilhelm Engelmann</subfield><subfield code="c">1912</subfield></datafield><datafield ind1=" " ind2=" " tag="300"><subfield code="a">208-275 p</subfield></datafield><datafield ind1=" " ind2=" " tag="700"><subfield code="a">Szirtes, Sigismond</subfield></datafield><datafield ind1=" " ind2=" " tag="852"><subfield code="a">48081</subfield></datafield><datafield ind1=" " ind2=" " tag="CAT"><subfield code="a">SYS</subfield><subfield code="c">20170129</subfield><subfield code="h">231157</subfield></datafield></record></collection>